@article{2023medical,
  title={\textbf{Medical diffusion on a budget: textual inversion for medical image generation}},
  author={de Wilde, Bram and Saha, Anindo and ten Broek, Richard PG and Huisman, Henkjan},
  journal={arXiv preprint arXiv:2303.13430, under review for ICCV2023},
  year={2023},
  doi={https://doi.org/10.48550/arxiv.2303.13430}
}

@article{2023inter,
  title={\textbf{Inter-and Intra-Observer Variability and the Effect of Experience in Cine-MRI for Adhesion Detection}},
  author={de Wilde, Bram and Joosten, Frank and Venderink, Wulphert and Davidse, Mirjam EJ and Geurts, Juli{\"e}tte and Kruijt, Hanneke and Vermeulen, Afke and Martens, Bibi and Schyns, Maxime VP and Huige, Josephine CBM and others},
  journal={Journal of Imaging},
  volume={9},
  number={3},
  pages={55},
  year={2023},
  publisher={MDPI},
  doi={https://doi.org/10.3390/jimaging9030055}
}

@InProceedings{2022uncertainty,
author="de Wilde, Bram 
and Alves, Nat{\'a}lia",
editor="Ma, Jun
and Wang, Bo",
title="\textbf{Uncertainty-Guided Self-learning Framework for Semi-supervised Multi-organ Segmentation}",
booktitle="Fast and Low-Resource Semi-supervised Abdominal Organ Segmentation",
year="2022",
publisher="Springer Nature Switzerland",
address="Cham",
pages="116--127",
isbn="978-3-031-23911-3",
doi="https://doi.org/10.1007/978-3-031-23911-3_11"
}

@article{2022hopping,
  title={\textbf{Hopping-transport mechanism for reconfigurable logic in disordered dopant networks}},
  author={de Wilde, Bram and Bakker, Jesse and Becker, Marlon and Tertilt, Henri and Klanberg, Indrek and Geurts, Bernard J and van der Wiel, Wilfred G and Heuer, Andreas and Bobbert, Peter A},
  journal={Physical Review Applied},
  volume={17},
  number={6},
  pages={064025},
  year={2022},
  publisher={APS},
  doi={https://doi.org/10.1103/physrevapplied.17.064025}
}

@article{2021automated,
  title={\textbf{Automated assessment of COVID-19 reporting and data system and chest CT severity scores in patients suspected of having COVID-19 using artificial intelligence}},
  author={Lessmann, Nikolas and S{\'a}nchez, Clara I and Beenen, Ludo and Boulogne, Luuk H and Brink, Monique and Calli, Erdi and Charbonnier, Jean-Paul and Dofferhoff, Ton and van Everdingen, Wouter M and Gerke, Paul K and others},
  journal={Radiology},
  volume={298},
  number={1},
  pages={E18--E28},
  year={2021},
  publisher={Radiological Society of North America},
  doi={https://doi.org/10.1148/radiol.2020202439}
}

@article{2021cine,
  title={\textbf{Cine-MRI detection of abdominal adhesions with spatio-temporal deep learning}},
  author={de Wilde, Bram and ten Broek, Richard PG and Huisman, Henkjan},
  journal={arXiv preprint arXiv:2106.08094},
  year={2021},
  doi={https://doi.org/10.48550/arxiv.2106.08094}
}

@article{2020classification,
  title={\textbf{Classification with a disordered dopant-atom network in silicon}},
  author={Chen, Tao and van Gelder, Jeroen and van de Ven, Bram and Amitonov, Sergey V and de Wilde, Bram and Ruiz Euler, Hans-Christian and Broersma, Hajo and Bobbert, Peter A and Zwanenburg, Floris A and van der Wiel, Wilfred G},
  journal={Nature},
  volume={577},
  number={7790},
  pages={341--345},
  year={2020},
  publisher={Nature Publishing Group UK London},
  doi={https://doi.org/10.1038/s41586-019-1901-0}
}
